2768 4568
52 223 102 240 ““
538 231 821 268 m

110 241 153 296 VI
238 269 242 277 “
540 271 818 288 *unm-u.-

116 400 154 467 et
172 387 435 488 expolitionum
458 389 497 465 in
518 390 780 467 charatleribns
803 389 899 468 bene
921 393 1117 467 multarum
1141 403 1244 470 vetu-

112 533 258 610 stiorum
280 531 463 618 ubertate,
501 527 596 632 quae
618 535 710 610 intra
733 535 870 634 hancce
886 535 1068 634 temporis
1091 538 1243 612 interca·

112 657 285 776 pedInem
310 675 473 760 emersit,
504 673 632 752 defidis
650 675 785 764 luillet,
818 702 886 782 nec
912 678 959 752 de
979 677 1174 774 pomoeriis
1191 675 1244 752 rei
1308 739 1311 744 ,

111 819 302 918 herbariae
317 815 533 917 ampliandis
550 817 701 912 solliciti.
761 821 909 896 Etenim
942 817 1017 918 post
1040 819 1131 894 illud
1152 831 1246 948 tem·
1365 907 1366 910 ,

113 983 195 1064 pus,
228 985 299 1060 quo
316 960 350 1038 b.
366 985 544 1050 munaus,
570 973 683 1060 pater,
711 959 907 1060 Systemati
922 960 1144 1063 perficiendo
1159 985 1246 1060 ope·
1281 1063 1284 1070 Ι
1306 987 1312 1000 ·

112 1090 191 1206 rar'p
230 1105 396 1181 ultimam
435 1103 563 1190 daret,
608 1104 817 1204 frequentes
853 1105 892 1182 in
926 1101 1180 1188 remotillrmas
1209 1117 1246 1178 et

87 1259 88 1262 ’
113 1245 245 1359 partim
271 1247 379 1344 plane
403 1234 509 1321 ante'a
532 1247 677 1342 ignotas
694 1249 863 1344 regiones
892 1247 1203 1346 peregrinationes
1225 1269 1247 1320 a
1305 1261 1316 1292 ‘

113 1389 292 1469 botanicis
317 1387 501 1465 institutae
524 1387 627 1475 sunt,
668 1413 819 1488 quarum
843 1390 978 1467 stulius
1005 1391 1063 1467 vel
1088 1390 1247 1491 peculia-

52 1583 56 1589 ·
111 1532 214 1610 ribus
237 1531 336 1612 libris
364 1532 420 1616 vel
446 1529 608 1632 dilperlrs
635 1555 699 1632 per
730 1529 828 1610 varia
853 1533 998 1634 scripta,
1029 1533 1248 1632 nominatim
1336 1618 1337 1624 c

40 1757 41 1760 ,
113 1674 340 1753 societatum
363 1674 620 1750 litterariorum
644 1677 995 1760 commentationes,
1030 1675 1249 1751 obseruatio-

115 1817 223 1895 nibus
244 1801 494 1892 'eontlnenturss
552 1815 631 1892 Nec
653 1817 907 1903 inficiandum,
945 1817 1057 1894 etiarn
1084 1840 1132 1890 ex
1156 1815 1252 1892 indi·

118 1981 297 2056 genorum
326 1927 496 2055 Europae
527 1955 669 2061 nostrae
685 1958 942 2054 vegetabilium
964 1981 1118 2034 numero
1142 1983 1249 2057 quae-

116 2103 202 2178 dam
221 2095 409 2201 protracta,
440 2121 533 2200 quae
551 2098 716 2201 pristinae
740 2101 870 2176 aetatis
897 2101 1013 2178 aciem
1031 2099 1249 2200 effugerant.
1365 2149 1366 2152 =

117 2247 284 2332 Quantae
310 2243 420 2341 igitur
441 2240 658 2320 accelbones
684 2243 722 2318 in
743 2263 821 2318 rem
844 2220 1047 2360 barbariam
1071 2243 1251 2320 redunda·
1361 2299 1366 2322 ,

116 2397 203 2464 runt
235 2411 353 2462 nouae
384 2411 436 2492 eu⁸
462 2383 700 2462 sonsrllncrr
732 2385 862 2460 itinere
901 2386 939 2461 in
973 2385 1185 2488 Aegyptum
1214 2399 1252 2463 et
1317 2423 1320 2428 ·

116 2526 303 2613 Arabiam,
346 2517 531 2605 nvnnnrrr
559 2531 596 2604 in
625 2528 806 2604 Guiauam
835 2529 1003 2625 gallicam
1030 2543 1068 2605 et
1095 2529 1251 2607 lnlulam

118 2641 318 2757 Franciae,
360 2648 646 2777 sonnnnnmin
673 2693 806 2745 nouam
835 2672 1017 2749 Guineam
1047 2681 1085 2744 et
1111 2669 1252 2748 indiam

119 2813 356 2902 orientalem,
387 2838 545 2888 nnuman
569 2826 834 2900 etsocnnnnr,
865 2827 920 2900 et,
951 2813 1019 2888 alia
1046 2813 1253 2911 peregrina·

82 2955 93 2988 '⁸
120 2955 242 3042 tione,
271 2977 573 3040 Fonsrnnonvnr,
602 2957 640 3030 iu
658 2977 759 3030 mare
779 2953 948 3042 aullr'ale,
978 2923 1198 3058 srnnnnrnrtr
1215 2957 1253 3032 in
1359 2931 1366 3014 ἕ

51 3157 55 3166 .
120 3087 284 3175 Africam
315 3073 524 3183 australem,
577 3121 820 3198 rrrvnnnnun
849 3099 887 3173 in
918 3099 1077 3186 eandem
1108 3096 1259 3174 Africae

37 3285 39 3290 ·
121 3253 285 3338 partem,
314 3240 537 3336 Zeylonam‚
570 3241 705 3328 lanam,
739 3240 935 3338 laponiam,
965 3263 1155 3328 annunsrr,
1186 3266 1255 3314 on·

78 3441 79 3446 i
123 3403 234 3457 onon
250 3381 476 3480 aliorumque
499 3369 649 3462 naturae
667 3383 902 3458 scrutatorum
922 3405 987 3482 per
1004 3380 1255 3482 amplissimam
1328 3465 1329 3470 c
1364 3449 1366 3459 ,

123 3503 292 3606 Roffiam.
352 3525 469 3610 Quam
496 3505 692 3600 multarum
718 3518 902 3602 nouarum
918 3507 1165 3624 cognitionem
1191 3513 1257 3603 de}

122 3663 254 3742 bemus
279 3669 490 3742 continuato
519 3687 692 3752 racovrrtr
716 3667 851 3754 studio,
896 3669 985 3746 item
1014 3671 1136 3747 seriori
1162 3695 1257 3750 σον·
1329 3683 1331 3686 ’

59 3869 64 3878 .
124 3831 196 3884 nur
219 3831 362 3906 operae.
409 3810 517 3886 Haud
535 3835 661 3910 parum
686 3814 873 3908 augmenti
902 3836 1045 3912 quoque
1070 3815 1167 3913 cepit
1190 3837 1257 3890 nu·
1293 3843 1296 3850 ¹

42 3977 77 4046 g
122 3969 250 4029 merus
281 3951 443 4053 stirpium
484 3954 548 4046 iis,
595 3979 684 4073 quas
713 3957 753 4034 in
792 3953 1021 4058 Supplemento
1057 3935 1257 4057 ploratorum

1142 4097 1257 4176 Brun-
